/code/eolang-paper/main.bib