% The MIT License (MIT)
%
% Copyright (c) 2021 Polystat.org
%
% Permission is hereby granted, free of charge, to any person obtaining a copy
% of this software and associated documentation files (the "Software"), to deal
% in the Software without restriction, including without limitation the rights
% to use, copy, modify, merge, publish, distribute, sublicense, and/or sell
% copies of the Software, and to permit persons to whom the Software is
% furnished to do so, subject to the following conditions:
%
% The above copyright notice and this permission notice shall be included
% in all copies or substantial portions of the Software.
%
% THE SOFTWARE IS PROVIDED "AS IS", WITHOUT WARRANTY OF ANY KIND, EXPRESS OR
% IMPLIED, INCLUDING BUT NOT LIMITED TO THE WARRANTIES OF MERCHANTABILITY,
% FITNESS FOR A PARTICULAR PURPOSE AND NON-INFRINGEMENT. IN NO EVENT SHALL THE
% AUTHORS OR COPYRIGHT HOLDERS BE LIABLE FOR ANY CLAIM, DAMAGES OR OTHER
% LIABILITY, WHETHER IN AN ACTION OF CONTRACT, TORT OR OTHERWISE, ARISING FROM,
% OUT OF OR IN CONNECTION WITH THE SOFTWARE OR THE USE OR OTHER DEALINGS IN THE
% SOFTWARE.

@article{geetha08,
author = {Geetha, B.G. and Palanisamy, Vidya and Duraiswamy, K. and Singaravel, G.},
year = {2008},
month = {01},
title = {A Tool for Testing of Inheritance Related Bugs in Object Oriented Software},
volume = {4},
journal = {Journal of Computer Science},
}

@book{sarcar2020,
  author="Sarcar, Vaskaran",
  title="Quick Recap of OOP Principles",
  year="2020",
  publisher="Apress",
  address="Berkeley, CA",
}

@inproceedings{majorinc1998elipse,
  title={Elipse-Circle Dilemma and Inverse Inheritance},
  author={Majorinc, Kazimir},
  booktitle={ITI 98},
  year={1998}
}

@book{roebuck2011,
  author = {Roebuck, Kevin},
  title = {Object-Oriented Analysis and Design: High-Impact Strategies},
  year = {2011},
  publisher = {Tebbo},
}

@inproceedings{bugayenko2020impact,
  title={The Impact of Constructors on the Validity of Class Cohesion Metrics},
  author={Bugayenko, Yegor},
  booktitle={IEEE International Conference on Software Architecture Companion (ICSA-C)},
  pages={67--70},
  year={2020},
  organization={IEEE}
}

@book{sierra2005head,
  title={Head First Java: A Brain-Friendly Guide},
  author={Sierra, Kathy and Bates, Bert},
  year={2005},
  publisher={O'Reilly Media}
}

@misc{misra2012,
  title={MISRA C:2012},
  author={MISRA},
  year=2012
}

@misc{misra2020amendment,
  title={MISRA C:2012, Amendment 2: Updates for ISO/IEC 9899:2011 Core functionality},
  author={MISRA},
  year={2020},
}

@misc{cert2016,
  title={SEI CERT C Coding Standard â€“ Rules for Developing Safe, Reliable, and Secure Systems},
  author={CERT},
  year={2016},
}

@misc{iso26262,
  title={ISO 26262: Road vehicles---Functional safety},
  author={ISO},
  year={2011},
}

@misc{do178c,
  title={DO-178C, Software Considerations in Airborne Systems and Equipment Certification},
  author={RTCA},
  year={2011},
}

@misc{iec62304,
  title={IEC 62304, Medical Device Software - Software Life Cycle Processes},
  author={IEC},
  year={2015},
}

@misc{iec62279,
  title={IEC 62279, Railway Applications - Communication, Signalling and Processing Systems - Software for Railway Control and Protection Systems},
  author={IEC},
  year={2015},
}

@misc{iec61508,
  title={IEC 61508, Functional Safety of Electrical/Electronic/Programmable Electronic Safety-related Systems},
  author={IEC},
  year={2010},
}

@inproceedings{lattner2004llvm,
  title={LLVM: A Compilation Framework for Lifelong Program Analysis \& Transformation},
  author={Lattner, Chris and Adve, Vikram},
  booktitle={International Symposium on Code Generation and Optimization},
  pages={75--86},
  year={2004},
  organization={IEEE}
}

@techreport{hristakeva2009survey,
  title={A Survey of Object Oriented Programming Languages},
  author={Hristakeva, Maya and Vuppala, R},
  year={2009},
  institution={University of California}
}

@book{fowler2018refactoring,
  title={Refactoring: Improving the Design of Existing Code},
  author={Fowler, Martin},
  year={2018},
  publisher={Addison-Wesley Professional}
}

@incollection{brabrand2013intraprocedural,
  title={Intraprocedural Dataflow Analysis for Software Product Lines},
  author={Brabrand, Claus and Ribeiro, M{\'a}rcio and Tol{\^e}do, T{\'a}rsis and Winther, Johnni and Borba, Paulo},
  booktitle={Transactions on Aspect-Oriented Software Development},
  pages={73--108},
  year={2013},
  publisher={Springer}
}

@article{ayewah2008using,
  title={Using Static Analysis to Find Bugs},
  author={Ayewah, Nathaniel and Pugh, William and Hovemeyer, David and Morgenthaler, J David and Penix, John},
  journal={IEEE Software},
  volume={25},
  number={5},
  pages={22--29},
  year={2008}
}

@inproceedings{steidl2014prioritizing,
  title={Prioritizing Maintainability Defects Based on Refactoring Recommendations},
  author={Steidl, Daniela and Eder, Sebastian},
  booktitle={Proceedings of the 22nd International Conference on Program Comprehension},
  pages={168--176},
  year={2014}
}

@inproceedings{broy2006demystifying,
  title={Demystifying Maintainability},
  author={Broy, Manfred and Deissenboeck, Florian and Pizka, Markus},
  booktitle={Proceedings of the International Workshop on Software Quality},
  pages={21--26},
  year={2006}
}

@article{sadowski2018lessons,
  title={Lessons from Building Static Analysis Tools at Google},
  author={Sadowski, Caitlin and Aftandilian, Edward and Eagle, Alex and Miller-Cushon, Liam and Jaspan, Ciera},
  journal={Communications of the ACM},
  volume={61},
  number={4},
  pages={58--66},
  year={2018}
}

@book{chess2007secure,
  title={Secure Programming with Static Analysis},
  author={Chess, Brian and West, Jacob},
  year={2007},
  publisher={Pearson Education}
}

@article{pistoia2007survey,
  title={A Survey of Static Analysis Methods for Identifying Security Vulnerabilities in Software Systems},
  author={Pistoia, Marco and Chandra, Satish and Fink, Stephen J and Yahav, Eran},
  journal={IBM Systems Journal},
  volume={46},
  number={2},
  pages={265--288},
  year={2007},
  publisher={IBM}
}

@inproceedings{jackson2000software,
  title={Software Analysis: A Roadmap},
  author={Jackson, Daniel and Rinard, Martin},
  booktitle={Proceedings of the Conference on the Future of Software Engineering},
  pages={133--145},
  year={2000}
}

@incollection{gosain2015static,
  title={Static Analysis: A Survey of Techniques and Tools},
  author={Gosain, Anjana and Sharma, Ganga},
  booktitle={Intelligent Computing and Applications},
  pages={581--591},
  year={2015},
  publisher={Springer}
}

@inproceedings{binkley2007source,
  title={Source Code Analysis: A Road Map},
  author={Binkley, David},
  booktitle={Future of Software Engineering},
  pages={104--119},
  year={2007},
  organization={IEEE}
}

@article{moller2012static,
  title={Static Program Analysis},
  author={M{\o}ller, Anders and Schwartzbach, Michael I},
  publisher={Department of Computer Science, Aarhus University, Denmark},
  year={2019}
}

@article{wand1987simple,
  title={A Simple Algorithm and Proof for Type Inference},
  author={Wand, Mitchell},
  journal={Fundamenta Informaticae},
  volume={10},
  number={2},
  pages={115--121},
  year={1987}
}

@article{allen1970control,
  title={Control Flow Analysis},
  author={Allen, Frances E},
  journal={ACM SIGPLAN Notices},
  volume={5},
  number={7},
  pages={1--19},
  year={1970},
  publisher={ACM}
}

@article{smaragdakis2015pointer,
  title={Pointer Analysis},
  author={Smaragdakis, Yannis and Balatsouras, George},
  journal={Foundations and Trends in Programming Languages},
  volume={2},
  number={1},
  pages={1--69},
  year={2015},
  publisher={Now Publishers}
}

@inproceedings{darvas2005theorem,
  title={A Theorem Proving Approach to Analysis of Secure Information Flow},
  author={Darvas, {\'A}d{\'a}m and H{\"a}hnle, Reiner and Sands, David},
  booktitle={International Conference on Security in Pervasive Computing},
  pages={193--209},
  year={2005},
  organization={Springer}
}

@inproceedings{yamashita2012code,
  title={Do Code Smells Reflect Important Maintainability Aspects?},
  author={Yamashita, Aiko and Moonen, Leon},
  booktitle={28th International Conference on Software Maintenance},
  pages={306--315},
  year={2012},
  organization={IEEE}
}

@misc{ims,
  title={Information Management System/360, Application Description Manual H20-0524-1},
  author={IBM},
  organization={IBM},
  address={White Plains},
  month={7},
  year={1968}
}

@inproceedings{visser2001visitor,
  title={Visitor Combination and Traversal Control},
  author={Visser, Joost},
  booktitle={Proceedings of the 16th ACM SIGPLAN Conference on Object-oriented Programming, Systems, Languages, and Applications},
  pages={270--282},
  year={2001}
}

@book{fowler2010domain,
  title={Domain-specific Languages},
  author={Fowler, Martin},
  year={2010},
  publisher={Pearson Education}
}

@misc{checkstyle,
  title={Checkstyle},
  author={Burn, Oliver},
  url={http://checkstyle.sourceforge.net/},
  year={2020}
}

@inproceedings{rutar2004comparison,
  title={A Comparison of Bug Finding Tools for Java},
  author={Rutar, Nick and Almazan, Christian B and Foster, Jeffrey S},
  booktitle={15th International Symposium on Software Reliability Engineering},
  pages={245--256},
  year={2004},
  organization={IEEE}
}

@misc{pmd,
  title={PMD},
  author={PMD},
  url={https://pmd.github.io/},
  year={2020}
}

@book{parr2013definitive,
  title={The Definitive ANTLR~4 Reference},
  author={Parr, Terence},
  year={2013},
  publisher={Pragmatic Bookshelf}
}

@inproceedings{wurthinger2013one,
  title={One VM to Rule Them All},
  author={W{\"u}rthinger, Thomas and Wimmer, Christian and W{\"o}{\ss}, Andreas and Stadler, Lukas and Duboscq, Gilles and Humer, Christian and Richards, Gregor and Simon, Doug and Wolczko, Mario},
  booktitle={Proceedings of the 2013 ACM International Symposium on New Ideas, New Paradigms, and Reflections on Programming \& Software},
  pages={187--204},
  year={2013}
}

@InProceedings{phasar,
  author="Schubert, Philipp Dominik and Hermann, Ben and Bodden, Eric",
  title="PhASAR: An Inter-procedural Static Analysis Framework for C/C++",
  booktitle="Tools and Algorithms for the Construction and Analysis of Systems",
  year="2019",
  publisher="Springer International Publishing",
  address="Cham",
  pages="393--410",
}


@INPROCEEDINGS{mlsa,
  author={H. {Liang} and L. {Wang} and D. {Wu} and J. {Xu}},
  booktitle={17th IEEE/ACIS International Conference on Software Engineering, Artificial Intelligence, Networking and Parallel/Distributed Computing (SNPD)},
  title={MLSA: A static bugs analysis tool based on LLVM IR},
  year={2016},
  volume={},
  number={},
  pages={407-412},
}

@inproceedings{svf,
  author = {Sui, Yulei and Xue, Jingling},
  year = {2016},
  month = {03},
  pages = {265-266},
  title = {SVF: Interprocedural Static Salue-flow Analysis in LLVM},
}

@Online{clang,
  title={Clang: a C Language Family Frontend for LLVM},
  author={Chris Lattner},
  url={https://clang.llvm.org/index.html},
  year={2020}
}

@Online{codechecker,
  title={CodeChecker, a Static Analysis Infrastructure Built on the LLVM/Clang Static Analyzer Toolchain, Replacing Scan-build in a Linux or macOS (OS X) Development Environment},
  url={https://codechecker.readthedocs.io/en/latest/},
  author = {Ericsson Hungary},
  year={2019}
}


@Online{kremenek2008,
  title={Finding Software Bugs With the Clang Static Analyzer},
  url={https://llvm.org/devmtg/2008-08/Kremenek_StaticAnalyzer.pdf},
  author = {Ted Kremenek},
  year={2008}
}

@inproceedings{aliasanalysis,
  author = {Wu, Jingyue and Hu, Gang and Tang, Yang and Yang, Junfeng},
  title = {Effective Dynamic Detection of Alias Analysis Errors},
  year = {2013},
  publisher = {ACM},
  address = {New York, NY, USA},
  booktitle = {Proceedings of the 9th Joint Meeting on Foundations of Software Engineering},
  pages = {279â€“289},
}

@inproceedings{Slaby2013AutomaticBT,
  title={Automatic Bug-finding Techniques for Large Software Projects},
  author={Jiri Slaby},
  year={2013}
}

@article{PointerAnalysis,
  author = {Marcio Buss},
  year = {2008},
  month = {12},
  pages = {},
  title = {Summary-based Pointer Analysis Framework for Modular Bug Finding}
}

@article{ConstraintAnalysis,
  author = {Toni Suter},
  year = {2014},
  title = {Constraint Based Analysis}
}

@inproceedings{mine-VSTTE19,
  author={Journault, M{.} and Min{\'e}, A{.} and Monat, M{.} and Ouadjaout, A{.}},
  title={Combinations of Reusable Abstract Domains for a Multilingual Static Analyzer},
  booktitle={Proceedings of the 11th Working Conference on Verified Software: Theories, Tools, and Experiments},
  year={2019},
  pages={1--17},
  month={7},
  location={New York, USA},
}

@ARTICLE{hierarchical_to_relational,
  author={A. Meier and R. Dippold and J. Mercerat and A. Muriset and J. Untersinger and R. Eckerlin and F. Ferrara},
  journal={IEEE Software},
  title={Hierarchical to Relational Database Migration},
  year={1994},
  volume={11},
  number={3},
  pages={21-27},
}

@article{ir_views_for_analysis,
  author = {Karpulevitch, E.A.},
  year = {2015},
  month = {01},
  pages = {151-158},
  title = {Using Different Views Java-programs for Static Analysis},
  volume = {27},
  journal = {Proceedings of the Institute for System Programming of the RAS},
}

@inproceedings{wagner2005comparing,
  title = {Comparing Bug Finding Tools With Reviews and Tests},
  author = {Wagner, Stefan and J{\"u}rjens, Jan and Koller, Claudia and Trischberger, Peter},
  booktitle = {IFIP International Conference on Testing of Communicating Systems},
  pages = {40--55},
  year = {2005},
  organization = {Springer}
}

@inproceedings{johnson2013don,
  title = {Why Don't Software Developers Use Static Analysis Tools to Find Bugs?},
  author = {Johnson, Brittany and Song, Yoonki and Murphy-Hill, Emerson and Bowdidge, Robert},
  booktitle = {2013 35th International Conference on Software Engineering},
  pages = {672--681},
  year = {2013},
  organization = {IEEE}
}

@inproceedings{wagner2000first,
  title = {A First Step towards Automated Detection of Buffer Overrun Vulnerabilities},
  author = {Wagner, David A and Foster, Jeffrey S and Brewer, Eric A and Aiken, Alexander},
  booktitle = {NDSS},
  volume = {20},
  number = {0},
  year = {2000}
}

@inproceedings{10.1145/349299.349328,
  author = {Flanagan, Cormac and Freund, Stephen N.},
  title = {Type-based Race Detection for Java},
  year = {2000},
  publisher = {ACM},
  address = {New York, NY, USA},
  booktitle = {Proceedings of the ACM SIGPLAN 2000 Conference on Programming Language Design and Implementation},
  pages = {219â€“232}
}

@inproceedings{foster2002flow,
  title = {Flow-sensitive Type Qualifiers},
  author = {Foster, Jeffrey S and Terauchi, Tachio and Aiken, Alex},
  booktitle = {Proceedings of the ACM SIGPLAN 2002 Conference on Programming Language Design and Implementation},
  pages = {1--12},
  year = {2002}
}

@inproceedings{engler2000checking,
  title = {Checking System Rules Using System-specific, Programmer-written Compiler Extensions},
  author = {Engler, Dawson and Chelf, Benjamin and Chou, Andy and Hallem, Seth},
  booktitle = {Proceedings of the 4th conference on Symposium on Operating System Design \& Implementation},
  year = {2000},
  volume = {4}
}

@inproceedings{kremenek2003z,
  title={Z-ranking: Using Statistical Analysis to Counter the Impact of Static Analysis Approximations},
  author={Kremenek, Ted and Engler, Dawson},
  booktitle={International Static Analysis Symposium},
  pages={295--315},
  year={2003},
  organization={Springer}
}

@article{planning2002economic,
  title={The Economic Impacts of Inadequate Infrastructure for Software Testing},
  author={Planning, Strategic},
  journal={National Institute of Standards and Technology},
  year={2002}
}

@inproceedings{delaitre2015evaluating,
  title={Evaluating Bug Finders--Test and Measurement of Static Code Analyzers},
  author={Delaitre, Aurelien and Stivalet, Bertrand and Fong, Elizabeth and Okun, Vadim},
  booktitle={IEEE/ACM 1st International Workshop on Complex Faults and Failures in Large Software Systems},
  pages={14--20},
  year={2015},
  organization={IEEE}
}

@inproceedings{nunes2017combining,
  title={On Combining Diverse Static Analysis Tools for Web Security: An Empirical Study},
  author={Nunes, Paulo and Medeiros, Ib{\'e}ria and Fonseca, Jos{\'e} and Neves, Nuno and Correia, Miguel and Vieira, Marco},
  booktitle={13th European Sependable Computing Conference},
  pages={121--128},
  year={2017},
  organization={IEEE}
}

@inproceedings{kupsch2009manual,
  title={Manual vs. Automated Vulnerability Assessment: A Case Study},
  author={Kupsch, James A and Miller, Barton P},
  booktitle={First International Workshop on Managing Insider Security Threats},
  pages={83--97},
  year={2009}
}

@Online{meade2012,
  title={CAS Static Analysis Tool Study - Methodology},
  url={https://samate.nist.gov/docs/CAS%202012%20Static%20Analysis%20Tool%20Study%20Methodology.pdf},
  author = {Meade},
  year={2012},
  organization = {Center for Assured Software, National Security Agency}
}

@inproceedings{lu2005bugbench,
  title={Bugbench: Benchmarks for Evaluating Bug Detection Tools},
  author={Lu, Shan and Li, Zhenmin and Qin, Feng and Tan, Lin and Zhou, Pin and Zhou, Yuanyuan},
  booktitle={Workshop on the Evaluation of Software Defect Detection Tools},
  volume={5},
  year={2005}
}

@misc{cpplint,
  title={cpplint},
  author={Thibault Kruse},
  url={https://github.com/cpplint/cpplint},
  year={2020}
}

@misc{eslint,
  title={ESLint},
  author={Nicholas C. Zakas},
  url={https://eslint.org/},
  year={2020}
}

@misc{rubocop,
  title={Rubocop},
  author={Bozhidar Batsov},
  url={https://github.com/rubocop-hq/rubocop},
  year={2020}
}

@misc{flake8,
  title={Flake8},
  author={Ian Stapleton},
  url={https://flake8.pycqa.org/en/latest/},
  year={2020}
}

@misc{coverity,
  title={Coverity},
  url={https://scan.coverity.com/},
  year={2019}
}

@misc{klocwork,
  title={Klocwork},
  organization={Perforce},
  url={https://www.perforce.com/products/klocwork},
  year={2020}
}

@misc{pvsstudio,
  title={PVS-Studio},
  organization={PVS-Studio Team},
  url={https://www.viva64.com/en/pvs-studio/},
  year={2020}
}

@book{kvarnstrom2016,
  title={Static Code Analysis of C++ in LLVM},
  author={Kvarnstr\"om, Olle},
  year={2016},
  publisher={Link\"oping University}
}

@inproceedings{posnett2011simpler,
  title={A Simpler Model of Software Readability},
  author={Posnett, Daryl and Hindle, Abram and Devanbu, Premkumar},
  booktitle={Proceedings of the 8th Working Conference on Mining Software Repositories},
  pages={73--82},
  year={2011}
}
# The MIT License (MIT)
#
# Copyright (c) 2020-2021 Yegor Bugayenko
#
# Permission is hereby granted, free of charge, to any person obtaining a copy
# of this software and associated documentation files (the "Software"), to deal
# in the Software without restriction, including without limitation the rights
# to use, copy, modify, merge, publish, distribute, sublicense, and/or sell
# copies of the Software, and to permit persons to whom the Software is
# furnished to do so, subject to the following conditions:
#
# The above copyright notice and this permission notice shall be included
# in all copies or substantial portions of the Software.
#
# THE SOFTWARE IS PROVIDED "AS IS", WITHOUT WARRANTY OF ANY KIND, EXPRESS OR
# IMPLIED, INCLUDING BUT NOT LIMITED TO THE WARRANTIES OF MERCHANTABILITY,
# FITNESS FOR A PARTICULAR PURPOSE AND NON-INFRINGEMENT. IN NO EVENT SHALL THE
# AUTHORS OR COPYRIGHT HOLDERS BE LIABLE FOR ANY CLAIM, DAMAGES OR OTHER
# LIABILITY, WHETHER IN AN ACTION OF CONTRACT, TORT OR OTHERWISE, ARISING FROM,
# OUT OF OR IN CONNECTION WITH THE SOFTWARE OR THE USE OR OTHER DEALINGS IN THE
# SOFTWARE.

@book{lucas1891theorie,
  title={Th{\'e}orie des Nombres},
  author={Lucas, Edouard},
  year=1891,
  publisher={Gauthier-Villars}
}

@book{deitel2007java,
  title={Java How to Program},
  author={Deitel, Harvey M. and Deitel, Paul J.},
  year=2007,
  edition={7th},
  publisher={Prentice Hall}
}

@book{liang2012,
  title={Introduction to Java Programming: Brief Version},
  author={Liang, Y Daniel},
  year=2012,
  edition={9},
  publisher={Pearson Education, Inc.}
}

@misc{lukasiewicz1951aristotle,
  title={Aristotle's Syllogistic from the Standpoint of Modern Formal Logic},
  author={Lukasiewicz, Jan},
  year=1951
}

@book{steele1990common,
  title={Common LISP: the Language},
  author={Steele, Guy},
  year=1990,
  publisher={Elsevier}
}

@book{gamma1994design,
  title={Design Patterns: Elements of Reusable Object-Oriented Software},
  author={Gamma, Erich and Helm, Richard and Johnson, Ralph and Vlissides, John},
  year=1994,
  publisher={Addison Wesley}
}

@misc{fluentinterface,
  author={Martin Fowler},
  year=2005,
  url={https://www.martinfowler.com/bliki/FluentInterface.html}
}

@book{beck1997smalltalk,
  title={Smalltalk Best Practice Patterns},
  author={Beck, Kent},
  year=1997,
  publisher={Prentice Hall}
}

@book{jdk8,
  title={Java: The Complete Reference, Eleventh Edition},
  edition={11th},
  year=2018,
  author={Herbert Schildt},
  publisher={McGraw-Hill Education}
}

@incollection{hunt2000,
  booktitle={The Unified Process for Practitioners},
  year=2000,
  publisher={Springer},
  title={Inheritance Considered Harmful},
  author={John Hunt}
}

@inproceedings{usov2020,
  title={SJF: An Implementation of Semantic Featherweight Java},
  author={Usov, Artem and Dardha, Prnela},
  journal={Lecture Notes in Computer Science},
  booktitle={Coordination Models and Languages. COORDINATION 2020},
  volume={12134},
  year=2020,
  publisher={Springer}
}

@article{coblenz2019,
  author={Michael J. Coblenz and Reed Oei and
  Tyler Etzel and Paulette Koronkevich and
  Miles Baker and Yannick Bloem and Brad A. Myers and
  Joshua Sunshine and Jonathan Aldrich},
  title={Obsidian: Typestate and Assets for Safer Blockchain Programming},
  journal={CoRR},
  year=2019,
  volume={abs/1909.03523},
  url={http://arxiv.org/abs/1909.03523}
}

@book{metsker2002,
  author={Steven John Metsker},
  title={Design Patterns Java Workbook},
  publisher={Addison-Wesley},
  year=2002
}

@book{eo1,
  title={Elegant Objects},
  author={Bugayenko, Yegor},
  year=2016,
  volume={1},
  publisher={Amazon}
}

@book{eo2,
  title={Elegant Objects},
  author={Bugayenko, Yegor},
  year=2017,
  volume={2},
  publisher={Amazon}
}

@article{church1932set,
  title={A set of postulates for the foundation of logic},
  author={Church, Alonzo},
  journal={Annals of Mathematics},
  volume=1,
  year=1932
}

@inproceedings{eden2002visual,
  title={A Visual Formalism for Object-Oriented Architecture},
  author={Eden, Amnon},
  booktitle={Integrated Design and Process Technology},
  year=2002,
  publisher={Citeseer}
}

@book{barendregt2012,
  title={The Lambda Calculus: Its Syntax and Semantics},
  author={Barendregt, Hendrik P},
  year=2012,
  publisher={College Publications}
}

@book{eckel2006thinking,
  title={Thinking in Java},
  author={Eckel, Bruce},
  year=2006,
  edition={3},
  publisher={Prentice Hall}
}

@article{abadi1995imperative,
  title={An Imperative Object Calculus},
  author={Abadi, Mart\'in and Cardelli, Luca},
  journal={Theory and Practice of Object Systems},
  volume={1},
  number={3},
  year=1995,
  publisher={Wiley Online Library}
}

@misc{cheon1994quick,
  title={A Quick Overview of Larch/C++},
  author={Cheon, Yoonsik and Leavens, Gary T},
  year=1994
}

@book{duke1991object,
  title={The Object-Z Specification Language},
  author={Duke, Roger and King, Paul and Rose, Gordon and Smith, Graeme},
  year=1991,
  publisher={Springer}
}

@inproceedings{durr1992vdm,
  title={VDM++, A Formal Specification Language for Object-Oriented Designs},
  author={Durr, Eugene and Van Katwijk, Jan},
  booktitle={Proceedings Computer Systems and Software Engineering},
  year=1992
}

@inproceedings{duke1990towards,
  title={Towards a Semantics for Object-Z},
  author={Duke, David and Duke, Roger},
  booktitle={International Symposium of VDM Europe},
  year=1990,
}

@techreport{paige1999object,
  title={An Object-Oriented Refinement Calculus. Department. of Computer Science, York University, Toronto},
  author={Paige, Richard F and Ostroff, Jonathan S},
  institution={},
  year=1999,
}

@inproceedings{bono1998imperative,
  title={An Imperative, First-Order Calculus with Object Extension},
  author={Bono, Viviana and Fisher, Kathleen},
  booktitle={European Conference on Object-Oriented Programming},
  year=1998,
}

@misc{gordon1998concurrent,
  title={A Concurrent Object Calculus: Reduction and Typing},
  author={Gordon, Andy and Hankin, Paul D.},
  year=1998
}

@inproceedings{czarnecki1997beyond,
  title={Beyond Objects: Generative Programming},
  author={Czarnecki, Krzysztof and Eisenecker, Ulrich W and Steyaert, Patrick},
  booktitle={European Conference on Object-Oriented Programming},
  year=1997
}

@incollection{schmager2010gohotdraw,
  title={GoHotDraw: Evaluating The Go Programming Language With Design Patterns},
  author={Schmager, Frank and Cameron, Nicholas and Noble, James},
  booktitle={Evaluation and Usability of Programming Languages and Tools},
  publisher={},
  year=2010
}

@article{madsen1995open,
  title={Open Issues in Object-Oriented Programming---A Scandinavian Perspective},
  author={Madsen, Ole Lehrmann},
  journal={Software: Practice and Experience},
  volume={25},
  number={S4},
  year=1995,
  publisher={Wiley Online Library}
}

@article{gosling1995java,
  title={The Java Language Environment},
  author={Gosling, James and McGilton, Henry},
  journal={Sun Microsystems Computer Company},
  volume={2550},
  year=1995
}

@book{graham2004hackers,
  title={Hackers \& Painters: Big Ideas from the Computer Age},
  author={Graham, Paul},
  year=2004,
  publisher={O'Reilly Media}
}

@article{nierstrasz2010ten,
  title={Ten Things I Hate About Object-Oriented Programming},
  author={Nierstrasz, Oscar Marius},
  journal={Journal of Object Technology},
  volume={9},
  number={5},
  year=2010
}

@blog{shelly2015flaws,
  title={Flaws of Object Oriented Modeling},
  author={Shelly, Asaf},
  year=2015,
  url={https://software.intel.com/content/www/us/en/develop/blogs/flaws-of-object-oriented-modeling.html},
  organization={Intel}
}

@article{khanam2018,
  title={Barriers to Refactoring: Issues and Solutions},
  author={Khanam, Zeba},
  journal={International Journal on Future Revolution in Computer Science \& Communication Engineering},
  volume={4},
  year=2018
}

@inproceedings{nierstrasz1991towards,
  title={Towards an Object Calculus},
  author={Nierstrasz, Oscar},
  booktitle={European Conference on Object-Oriented Programming},
  year=1991,
}

@misc{nierstrasz1989survey,
  title={A Survey of Object-Oriented Concepts},
  author={Nierstrasz, Oscar},
  year=1989
}

@article{igarashi2001featherweight,
  title={Featherweight Java: a Minimal Core Calculus for Java and GJ},
  author={Igarashi, Atsushi and Pierce, Benjamin C and Wadler, Philip},
  journal={ACM Transactions on Programming Languages and Systems},
  volume={23},
  number={3},
  year=2001
}

@article{jagannathan2005transactional,
  title={A Transactional Object Calculus},
  author={Jagannathan, Suresh and Vitek, Jan and Welc, Adam and Hosking, Antony},
  journal={Science of Computer Programming},
  volume={57},
  number={2},
  year=2005
}

@inproceedings{bancilhon1985calculus,
  title={A Calculus for Complex Objects},
  author={Bancilhon, Francois and Khoshafian, Setrag},
  booktitle={Symposium on Principles of Database Systems},
  year=1985
}

@book{metula2010managed,
  title={Managed Code Rootkits: Hooking into Runtime Environments},
  author={Metula, Erez},
  year=2010,
  publisher={Elsevier}
}

@inproceedings{eden2001principles,
  title={Principles in Formal Specification of Object-Oriented Architectures},
  author={Eden, Amnon H and Hirshfeld, Yoram},
  booktitle={2001 Conference of the Centre for Advanced Studies on Collaborative Research},
  year=2001,
  month=11
}

@misc{bosch1997object,
  title={Object-Oriented Frameworks: Problems \& Experiences},
  author={Bosch, Jan},
  year=1997
}

@inproceedings{jeffrey1999distributed,
  title={A Distributed Object Calculus},
  author={Jeffrey, Alan},
  booktitle={Proceedings of FOOL},
  year=1999
}

@book{lutz2013learning,
  title={Learning Python: Powerful Object-Oriented Programming},
  author={Lutz, Mark},
  year=2013,
  publisher={O'Reilly Media}
}

@inproceedings{honda1991object,
  title={An Object Calculus for Asynchronous Communication},
  author={Honda, Kohei and Tokoro, Mario},
  booktitle={European Conference on Object-Oriented Programming},
  year=1991,
}

@inproceedings{jones1993pi,
  title={A Pi-calculus Semantics for an Object-Based Design Notation},
  author={Jones, Cliff B.},
  booktitle={International Conference on Concurrency Theory},
  year=1993,
}

@inproceedings{ungar1987self,
  title={Self: The Power of Simplicity},
  author={Ungar, David and Smith, Randall B},
  booktitle={ACM SIGPLAN Conference on Object-Oriented Programming Systems, Languages and Applications},
  year=1987
}

@inproceedings{mitchell1993lambda,
  title={A Lambda Calculus of Objects and Method Specialization},
  author={Mitchell, John C and Honsell, Furio and Fisher, Kathleen},
  booktitle={IEEE Symposium on Logic in Computer Science},
  year=1993,
}

@inproceedings{di1998lambda,
  title={A Lambda Calculus of Objects with Self-Inflicted Extension},
  author={Di Gianantonio, Pietro and Honsell, Furio and Liquori, Luigi},
  booktitle={Conference on Object-Oriented programming, Systems, Languages, and Applications},
  year=1998
}

@inproceedings{fisher1995delegation,
  title={A Delegation-Based Object Calculus with Subtyping},
  author={Fisher, Kathleen and Mitchell, John C},
  booktitle={International Symposium on Fundamentals of Computation Theory},
  year=1995,
}

@article{rentsch1982object,
  title={Object Oriented Programming},
  author={Rentsch, Tim},
  journal={ACM SIGPLAN Notices},
  volume={17},
  number={9},
  year=1982
}

@book{jemerov2017kotlin,
  title={Kotlin in Action},
  author={Jemerov, Dmitry and Isakova, Svetlana},
  year=2017,
  publisher={Manning Publications Company}
}

@article{algol60,
  title={Report on the Algorithmic Language ALGOL 60},
  author={Backus, John W and Bauer, Friedrich L and Green, Julien and Katz, Charles and McCarthy, John and Perlis, Alan J and Rutishauser, Heinz and Samelson, Klaus and Vauquois, Bernard and Wegstein, Joseph Henry and others},
  journal={Communications of the ACM},
  volume={3},
  number={5},
  year=1960
}

@misc{giger1996object,
  title={Object-Oriented Design Heuristics},
  author={Giger, Emanuel and Gall, Harald},
  year=1996
}

@article{birka2004practical,
  title={A Practical Type System and Language for Reference Immutability},
  author={Birka, Adrian and Ernst, Michael D},
  journal={ACM SIGPLAN Notices},
  volume={39},
  number={10},
  year=2004
}

@misc{holub2004more,
  title={More on Getters and Setters},
  author={Holub, Allen},
  journal={Java World},
  year=2004
}

@misc{holub2003extends,
  title={Why Extends is Evil},
  author={Holub, Allen},
  journal={Java World},
  year=2003
}

@article{goodenough1975exception,
  title={Exception Handling: Issues and a Proposed Notation},
  author={Goodenough, John B},
  journal={Communications of the ACM},
  volume={18},
  number={12},
  year=1975,
}

@book{martin1997pattern,
  title={Pattern Languages of Program Design 3},
  author={Martin, Robert C and Riehle, Dirk and Buschmann, Frank},
  year=1997,
  publisher={Addison-Wesley}
}

@incollection{dijkstra1982role,
  title={On the Role of Scientific Thought},
  author={Dijkstra, Edsger W},
  booktitle={Selected Writings on Computing: a Personal Perspective},
  year=1982,
  publisher={Springer-Verlag}
}

@article{stefik1985object,
  title={Object-Oriented Programming: Themes and Variations},
  author={Stefik, Mark and Bobrow, Daniel G},
  journal={AI Magazine},
  volume={6},
  number={4},
  year=1985
}

@inproceedings{madsen1988object,
  title={What Object-Oriented Programming May Be-and What It Does Not Have to Be},
  author={Madsen, Ole Lehrmann and M{\o}ller-Pedersen, Birger},
  booktitle={European Conference on Object-Oriented Programming},
  year=1988,
}

@article{armstrong2006quarks,
  title={The Quarks of Object-Oriented Development},
  author={Armstrong, Deborah J},
  journal={Communications of the ACM},
  volume={49},
  number={2},
  year=2006,
}

@inproceedings{alpern2001efficient,
  title={Efficient Implementation of Java Interfaces: Invokeinterface Considered Harmless},
  author={Alpern, Bowen and Cocchi, Anthony and Fink, Stephen and Grove, David},
  booktitle={Conference on Object-Oriented Programming, Systems, Languages, and Applications},
  year=2001
}

@inproceedings{burton2014using,
  title={Using Dynamic Mixins to Implement Design Patterns},
  author={Burton, Eden and Sekerinski, Emil},
  booktitle={European Conference on Pattern Languages of Programs},
  year=2014
}

@inproceedings{bi2018typed,
  title={Typed First-Class Traits},
  author={Bi, Xuan and Oliveira, Bruno C d S},
  booktitle={European Conference on Object-Oriented Programming},
  year=2018
}

@inproceedings{richards2010analysis,
  title={An Analysis of the Dynamic Behavior of JavaScript Programs},
  author={Richards, Gregor and Lebresne, Sylvain and Burg, Brian and Vitek, Jan},
  booktitle={Conference on Programming Language Design and Implementation},
  year=2010
}

@article{backus1978,
  author={Backus, John},
  title={Can Programming Be Liberated from the von Neumann Style? A Functional Style and Its Algebra of Programs},
  year=1978,
  volume={21},
  number={8},
  journal={Communications of the ACM},
}

@book{jech2013set,
  title={Set Theory},
  author={Jech, Thomas},
  year=2013,
  publisher={Springer Science \& Business Media}
}

@book{nielson2015principles,
  title={Principles of Program Analysis},
  author={Nielson, Flemming and Nielson, Hanne R and Hankin, Chris},
  year=2015,
  publisher={Springer}
}

@phdthesis{lattner2002llvm,
  title={LLVM: An Infrastructure for Multi-Stage Optimization},
  author={Lattner, Chris Arthur},
  year=2002,
  school={University of Illinois at Urbana-Champaign}
}

@article{carter1997oopvsr,
  author={Carter, Jeffrey},
  year=1997,
  month=3,
  title={OOP vs. Readability},
  volume={XVII},
  journal={ACM SIGADA Ada Letters}
}

@book{bernstein2016legacy,
  author={Bernstein, David Scott},
  title={Beyond Legacy Code: Nine Practices to Extend the Life (and Value) of Your Software},
  year=2016,
  publisher={Pragmatic Bookshelf}
}

@inproceedings{ciaffaglione2003reasoning,
  author={Ciaffaglione, Alberto and Liquori, Luigi and Miculan, Marino},
  year=2003,
  month=8,
  booktitle={Eighth ACM SIGPLAN International Conference on Functional Programming, Workshop on Mechanized Reasoning about Languages with Variable Binding},
  title={Reasoning on an Imperative Object-based Calculus in Higher Order Abstract Syntax}
}

@inproceedings{ciaffaglione2003typetheories,
  author={Ciaffaglione, Alberto and Liquori, Luigi and Miculan, Marino},
  year=2003,
  month=1,
  title={Imperative Object-Based Calculi in Co-inductive Type Theories},
  booktitle={International Conference on Logic for Programming Artificial Intelligence and Reasoning},
  pages={59--77}
}

@article{ciaffaglione2007theory_of_contexts,
  author={Ciaffaglione, Alberto and Liquori, Luigi and Miculan, Marino},
  title={Reasoning about Object-Based Calculi in (Co)Inductive Type Theory and the Theory of Contexts},
  year=2007,
  volume=39,
  month=7,
  journal={Journal of Automated Reasoning},
}

@unpublished{kay97keynote,
  title={The Computer Revolution Hasn't Happened Yet},
  author={Kay, Alan},
  year=1997,
  note={ACM SIGPLAN Conference on Object-Oriented Programming Systems, Languages and Applications}
}

@mastersthesis{kaymaster68,
  author={Kay, Alan},
  title={FLEX---A Flexible Extendable Language},
  school={University of Utah},
  year=1986,
  month={May}
}

@article{jankowska2003anotheroop,
  author={Jankowska, Beata},
  year=2003,
  month={1},
  title={Yet Another Object-oriented Data Model and Its Application},
  volume={32},
  journal={Control and Cybernetics}
}

@article{leekwakryu1996transform,
  author={Lee, Kwak and Ryu, Hong-Ro, Hoon-Sung and Keun-Ho},
  title={A Translation of an Object Calculus into an Object Algebra},
  journal={The Transactions of the Korea Information Processing Society},
  volume={3},
  issue={3},
  year=1996
}

@article{bettinibono2008delegation,
  author={Bettini, Lorenzo and Bono, Viviana and Venneri, Betti},
  year=2011,
  month={11},
  title={Delegation by Object Composition},
  volume={76},
  journal={Science of Computer Programming}
}

@book{goetz2006java,
  title={Java Concurrency in Practice},
  author={Goetz, Brian and Peierls, Tim and Lea, Doug and Bloch, Joshua and Bowbeer, Joseph and Holmes, David},
  year=2006,
  publisher={Pearson Education}
}

@article{dahl1966simula,
  title={SIMULA: an ALGOL-based simulation language},
  author={Dahl, Ole-Johan and Nygaard, Kristen},
  journal={Communications of the ACM},
  volume={9},
  number={9},
  year=1966
}

@article{matsakis2014rust,
  title={The Rust Language},
  author={Matsakis, Nicholas D and Klock, Felix S},
  journal={ACM SIGADA Ada Letters},
  volume={34},
  number={3},
  year=2014
}

@article{landin1966next,
  title={The Next 700 Programming Languages},
  author={Landin, Peter J},
  journal={Communications of the ACM},
  volume={9},
  number={3},
  year=1966
}

@book{west2004object,
  title={Object Thinking},
  author={West, David},
  year=2004,
  publisher={Pearson Education}
}

@misc{hoare2009null,
  title={Null References: The Billion Dollar Mistake},
  author={Hoare, Tony},
  journal={QCon},
  year=2009
}

@book{goldbergrobson1983smalltalk,
  title={Smalltalk-80: the Language and Its Implementation},
  author={Goldberg, Adele and Robson, David},
  year=1983,
  publisher={Addison-Wesley}
}

@book{donovankernighan2015go,
  author={Donovan, Alan A.A. and Kernighan, Brian W.},
  title={The Go Programming Language},
  year=2015,
  publisher={Addison-Wesley Professional}
}

@misc{grady2007object,
  title={Object-Oriented Analysis and Design with Applications},
  author={Booch, Grady and Maksimchuk, Robert A and Engle, Michael and Young, Bobbi and Conallen, Jim and Houston, Kelli},
  year=2007,
  edition={3rd},
  publisher={Addison-Wesley Professional}
}

@book{meyer1997object,
  title={Object-Oriented Software Construction},
  author={Meyer, Bertrand},
  year=1997,
  publisher={Prentice Hall}
}


@book{stroustrup1997,
  title={The C++ Programming Language},
  author={Bjarne Stroustrup},
  publisher={Addison-Wesley Professional},
  year=1997,
  edition={3},
}

@article{bright2020origins,
  title={Origins of the D programming language},
  author={Bright, Walter and Alexandrescu, Andrei and Parker, Michael},
  journal={ACM on Programming Languages},
  volume={4},
  year=2020,
}

@article{armstrong2010erlang,
  title={Erlang},
  author={Armstrong, Joe},
  journal={Communications of the ACM},
  volume={53},
  number={9},
  year=2010,
}

@inproceedings{mikhajlov1998study,
  title={A Study of the Fragile Base Class Problem},
  author={Mikhajlov, Leonid and Sekerinski, Emil},
  booktitle={European Conference on Object-Oriented Programming},
  year=1998,
}

@article{seiter1998evolution,
  title={Evolution of Object Behavior Using Context Relations},
  author={Seiter, Linda M and Palsberg, Jens and Lieberherr, Karl J},
  journal={IEEE Transactions on Software Engineering},
  volume={24},
  number={1},
  year=1998
}

@book{yourdon1979structured,
  title={Structured Design: Fundamentals of a Discipline of Computer Program and Systems Design},
  author={Yourdon, Edward and Constantine, Larry L},
  year=1979,
  publisher={Prentice-Hall}
}

@misc{bezanson2012julia,
  title={Julia: A Fast Dynamic Language for Technical Computing},
  author={Jeff Bezanson and Stefan Karpinski and Viral B. Shah and Alan Edelman},
  year=2012,
}

@book{ierusalimschy2016lua,
  title={Programming in Lua, Fourth Edition},
  author={Ierusalimschy, Roberto},
  year=2016,
  publisher={Lua.Org}
}

@manual{erlang2020manual,
  title={Erlang/OTP System Documentation},
  year=2020,
  organization={Ericsson AB}
}

@book{hunt1997smalltalk,
  title={Smalltalk and Object Orientation: an Introduction},
  author={Hunt, John},
  year=1997,
  publisher={Springer Science \& Business Media}
}

@misc{czaplicki_elmguide,
  author={Czaplicki, Evan},
  title="Elm, Official Guide",
  url="https://guide.elm-lang.org/error_handling/"
}

@book{bloch2016effective,
  title={Effective Java},
  author={Bloch, Joshua},
  year=2016,
  publisher={Pearson Education India}
}

@book{mcconnell2004codecomplete,
  author={McConnell, Steve},
  title={Code Complete, Second Edition},
  year=2004,
  isbn={0735619670},
  publisher={Microsoft Press},
  address={USA},
}

@inproceedings{rocha2018javaexception,
author={Rocha, Jonathan and Melo, Hugo and Coelho, Roberta and Sena, Bruno},
title={Towards a Catalogue of Java Exception Handling Bad Smells and Refactorings},
year=2018,
publisher={The Hillside Group},
address={USA},
booktitle={Proceedings of the 25th Conference on Pattern Languages of Programs},
keywords={exception handling, Java, patterns},
location={Portland, Oregon},
series={PLoP '18}
}

@book{nystrom2014game,
  title={Game Programming Patterns},
  author={Nystrom, R.},
  isbn={9780990582908},
  url={https://books.google.ru/books?id=AnvVrQEACAAJ},
  year=2014,
  publisher={Genever Benning}
}

@misc{gannimo2017typeconfusion,
  title={Type Confusion: Discovery, Abuse, and Protection},
  author={Gannimo},
  howpublished={Chaos Computer Club e.V.},
  year=2017
}

@book{martin2008cleancode,
  author={Martin, Robert C.},
  title={Clean Code: A Handbook of Agile Software Craftsmanship},
  year=2008,
  isbn={0132350882},
  publisher={Prentice Hall PTR},
  address={USA},
  edition={1}
}

@book{evans2018java,
  title={Java in a Nutshell: A Desktop Quick Reference},
  author={Evans, Ben and Flanagan, David},
  edition={6},
  year=2018,
  publisher={O'Reilly Media}
}